@article{koren2009matrix,
  title={Matrix factorization techniques for recommender systems},
  author={Koren, Yehuda and Bell, Robert and Volinsky, Chris},
  journal={Computer},
  number={8},
  pages={30--37},
  year={2009},
  publisher={IEEE}
}

@inproceedings{goodfellow2014generative,
  title={Generative adversarial nets},
  author={Goodfellow, Ian and Pouget-Abadie, Jean and Mirza, Mehdi and Xu, Bing and Warde-Farley, David and Ozair, Sherjil and Courville, Aaron and Bengio, Yoshua},
  booktitle={Advances in neural information processing systems},
  pages={2672--2680},
  year={2014}
}

@article{zhang2019deep,
  title={Deep learning based recommender system: A survey and new perspectives},
  author={Zhang, Shuai and Yao, Lina and Sun, Aixin and Tay, Yi},
  journal={ACM Computing Surveys (CSUR)},
  volume={52},
  number={1},
  pages={5},
  year={2019},
  publisher={ACM}
}

@incollection{ricci2011introduction,
  title={Introduction to recommender systems handbook},
  author={Ricci, Francesco and Rokach, Lior and Shapira, Bracha},
  booktitle={Recommender systems handbook},
  pages={1--35},
  year={2011},
  publisher={Springer}
}

@article{linden2003amazon,
  title={Amazon. com recommendations: Item-to-item collaborative filtering},
  author={Linden, Greg and Smith, Brent and York, Jeremy},
  journal={IEEE Internet computing},
  number={1},
  pages={76--80},
  year={2003},
  publisher={IEEE}
}

@inproceedings{oard1998implicit,
  title={Implicit feedback for recommender systems},
  author={Oard, Douglas W and Kim, Jinmook and others},
  booktitle={Proceedings of the AAAI workshop on recommender systems},
  volume={83},
  year={1998},
  organization={WoUongong}
}

@INPROCEEDINGS{guo2014etaf,
  author = {Guo, G. and Zhang, J. and Thalmann, D. and Yorke-Smith, N.},
  title = {ETAF: An Extended Trust Antecedents Framework for Trust Prediction},
  booktitle = {Proceedings of the 2014 International Conference on Advances in Social Networks Analysis and Mining (ASONAM)},
  pages = {540-547},
  year = {2014}
}

@article{harper2015movielens,
  title={The movielens datasets: History and context},
  author={Harper, F Maxwell and Konstan, Joseph A},
  journal={Acm transactions on interactive intelligent systems (tiis)},
  volume={5},
  number={4},
  pages={1--19},
  year={2015},
  publisher={ACM New York, NY, USA}
}

@inproceedings{Cantador:RecSys2011,
  author = {Cantador, Iv\'{a}n and Brusilovsky, Peter and Kuflik, Tsvi},
  title = {2nd Workshop on Information Heterogeneity and Fusion in Recommender Systems (HetRec 2011)},
  booktitle = {Proceedings of the 5th ACM conference on Recommender systems},
  series = {RecSys 2011},
  year = {2011},
  location = {Chicago, IL, USA},
  publisher = {ACM},
  address = {New York, NY, USA},
  keywords = {information heterogeneity, information integration, recommender systems},
}
   
@article{goldberg2001eigentaste,
  title={Eigentaste: A constant time collaborative filtering algorithm},
  author={Goldberg, Ken and Roeder, Theresa and Gupta, Dhruv and Perkins, Chris},
  journal={information retrieval},
  volume={4},
  number={2},
  pages={133--151},
  year={2001},
  publisher={Springer}
}

@inproceedings{ziegler2005improving,
  title={Improving recommendation lists through topic diversification},
  author={Ziegler, Cai-Nicolas and McNee, Sean M and Konstan, Joseph A and Lausen, Georg},
  booktitle={Proceedings of the 14th international conference on World Wide Web},
  pages={22--32},
  year={2005}
}

@inproceedings{wang2017irgan,
  title={Irgan: A minimax game for unifying generative and discriminative information retrieval models},
  author={Wang, Jun and Yu, Lantao and Zhang, Weinan and Gong, Yu and Xu, Yinghui and Wang, Benyou and Zhang, Peng and Zhang, Dell},
  booktitle={Proceedings of the 40th International ACM SIGIR conference on Research and Development in Information Retrieval},
  pages={515--524},
  year={2017}
}

@article{williams1992simple,
  title={Simple statistical gradient-following algorithms for connectionist reinforcement learning},
  author={Williams, Ronald J},
  journal={Machine learning},
  volume={8},
  number={3-4},
  pages={229--256},
  year={1992},
  publisher={Springer}
}

@inproceedings{chae2018cfgan,
  title={Cfgan: A generic collaborative filtering framework based on generative adversarial networks},
  author={Chae, Dong-Kyu and Kang, Jin-Soo and Kim, Sang-Wook and Lee, Jung-Tae},
  booktitle={Proceedings of the 27th ACM international conference on information and knowledge management},
  pages={137--146},
  year={2018}
}

@article{goodfellow2016nips,
  title={NIPS 2016 tutorial: Generative adversarial networks},
  author={Goodfellow, Ian},
  journal={arXiv preprint arXiv:1701.00160},
  year={2016}
}

@article{mirza2014conditional,
  title={Conditional generative adversarial nets},
  author={Mirza, Mehdi and Osindero, Simon},
  journal={arXiv preprint arXiv:1411.1784},
  year={2014}
}

@article{strub2016hybrid,
  title={Hybrid collaborative filtering with autoencoders},
  author={Strub, Florian and Mary, J{\'e}r{\'e}mie and Gaudel, Romaric},
  journal={arXiv preprint arXiv:1603.00806},
  year={2016}
}

@article{zhao2016energy,
  title={Energy-based generative adversarial network},
  author={Zhao, Junbo and Mathieu, Michael and LeCun, Yann},
  journal={arXiv preprint arXiv:1609.03126},
  year={2016}
}

@article{kramer1991nonlinear,
  title={Nonlinear principal component analysis using autoassociative neural networks},
  author={Kramer, Mark A},
  journal={AIChE journal},
  volume={37},
  number={2},
  pages={233--243},
  year={1991},
  publisher={Wiley Online Library}
}

@inproceedings{salimans2016improved,
  title={Improved techniques for training gans},
  author={Salimans, Tim and Goodfellow, Ian and Zaremba, Wojciech and Cheung, Vicki and Radford, Alec and Chen, Xi},
  booktitle={Advances in neural information processing systems},
  pages={2234--2242},
  year={2016}
}

@article{cortes1995support,
  title={Support-vector networks},
  author={Cortes, Corinna and Vapnik, Vladimir},
  journal={Machine learning},
  volume={20},
  number={3},
  pages={273--297},
  year={1995},
  publisher={Springer}
}

@article{rumelhart1986learning,
  title={Learning representations by back-propagating errors},
  author={Rumelhart, David E and Hinton, Geoffrey E and Williams, Ronald J},
  journal={nature},
  volume={323},
  number={6088},
  pages={533--536},
  year={1986},
  publisher={Nature Publishing Group}
}

@inproceedings{glorot2011deep,
  title={Deep sparse rectifier neural networks},
  author={Glorot, Xavier and Bordes, Antoine and Bengio, Yoshua},
  booktitle={Proceedings of the fourteenth international conference on artificial intelligence and statistics},
  pages={315--323},
  year={2011}
}

@inproceedings{maas2013rectifier,
  title={Rectifier nonlinearities improve neural network acoustic models},
  author={Maas, Andrew L and Hannun, Awni Y and Ng, Andrew Y},
  booktitle={Proc. icml},
  volume={30},
  number={1},
  pages={3},
  year={2013}
}

@article{yao2007early,
  title={On early stopping in gradient descent learning},
  author={Yao, Yuan and Rosasco, Lorenzo and Caponnetto, Andrea},
  journal={Constructive Approximation},
  volume={26},
  number={2},
  pages={289--315},
  year={2007},
  publisher={Springer}
}