@article{koren2009matrix,
  title={Matrix factorization techniques for recommender systems},
  author={Koren, Yehuda and Bell, Robert and Volinsky, Chris},
  journal={Computer},
  number={8},
  pages={30--37},
  year={2009},
  publisher={IEEE}
}

@inproceedings{goodfellow2014generative,
  title={Generative adversarial nets},
  author={Goodfellow, Ian and Pouget-Abadie, Jean and Mirza, Mehdi and Xu, Bing and Warde-Farley, David and Ozair, Sherjil and Courville, Aaron and Bengio, Yoshua},
  booktitle={Advances in neural information processing systems},
  pages={2672--2680},
  year={2014}
}

@article{zhang2019deep,
  title={Deep learning based recommender system: A survey and new perspectives},
  author={Zhang, Shuai and Yao, Lina and Sun, Aixin and Tay, Yi},
  journal={ACM Computing Surveys (CSUR)},
  volume={52},
  number={1},
  pages={5},
  year={2019},
  publisher={ACM}
}

@incollection{ricci2011introduction,
  title={Introduction to recommender systems handbook},
  author={Ricci, Francesco and Rokach, Lior and Shapira, Bracha},
  booktitle={Recommender systems handbook},
  pages={1--35},
  year={2011},
  publisher={Springer}
}

@article{linden2003amazon,
  title={Amazon. com recommendations: Item-to-item collaborative filtering},
  author={Linden, Greg and Smith, Brent and York, Jeremy},
  journal={IEEE Internet computing},
  number={1},
  pages={76--80},
  year={2003},
  publisher={IEEE}
}

@inproceedings{oard1998implicit,
  title={Implicit feedback for recommender systems},
  author={Oard, Douglas W and Kim, Jinmook and others},
  booktitle={Proceedings of the AAAI workshop on recommender systems},
  volume={83},
  year={1998},
  organization={WoUongong}
}

@INPROCEEDINGS{guo2014etaf,
  author = {Guo, G. and Zhang, J. and Thalmann, D. and Yorke-Smith, N.},
  title = {ETAF: An Extended Trust Antecedents Framework for Trust Prediction},
  booktitle = {Proceedings of the 2014 International Conference on Advances in Social Networks Analysis and Mining (ASONAM)},
  pages = {540-547},
  year = {2014}
}

@article{harper2015movielens,
  title={The movielens datasets: History and context},
  author={Harper, F Maxwell and Konstan, Joseph A},
  journal={Acm transactions on interactive intelligent systems (tiis)},
  volume={5},
  number={4},
  pages={1--19},
  year={2015},
  publisher={ACM New York, NY, USA}
}

@inproceedings{Cantador:RecSys2011,
  author = {Cantador, Iv\'{a}n and Brusilovsky, Peter and Kuflik, Tsvi},
  title = {2nd Workshop on Information Heterogeneity and Fusion in Recommender Systems (HetRec 2011)},
  booktitle = {Proceedings of the 5th ACM conference on Recommender systems},
  series = {RecSys 2011},
  year = {2011},
  location = {Chicago, IL, USA},
  publisher = {ACM},
  address = {New York, NY, USA},
  keywords = {information heterogeneity, information integration, recommender systems},
}
   
@article{goldberg2001eigentaste,
  title={Eigentaste: A constant time collaborative filtering algorithm},
  author={Goldberg, Ken and Roeder, Theresa and Gupta, Dhruv and Perkins, Chris},
  journal={information retrieval},
  volume={4},
  number={2},
  pages={133--151},
  year={2001},
  publisher={Springer}
}

@inproceedings{ziegler2005improving,
  title={Improving recommendation lists through topic diversification},
  author={Ziegler, Cai-Nicolas and McNee, Sean M and Konstan, Joseph A and Lausen, Georg},
  booktitle={Proceedings of the 14th international conference on World Wide Web},
  pages={22--32},
  year={2005}
}